@book{Beckert.2012,
	keyword={primary},
	author = {Beckert, Andr√© and Beckert, Sebastian and Escherich, Bernhard},
	year = {2012},
	title = {Mobile L{\"o}sungen mit SAP},
	address = {Bonn},
	edition = {1},
	publisher = {Galileo Press},
	isbn = {978-3836219310}
}

@book{Tanenbaum.2003,
	keyword={primary},
	author = {Tanenbaum, Andrew},
	year = {2003},
	title = {Computernetzwerke},
	address = {M{\"u}nchen},
	edition = {4},
	publisher = {Pearson Studium},
	isbn = {978-3827370464}
}
@book{Balzert.2008,
	keyword={primary},
	author = {Balzert, Helmut and Bendisch, Roman and Kern, Uwe and Sch{\"a}fer, Christian and Schr{\"o}der, Marion and Zeppenfeld, Klaus},
	year = {2008},
	title = {Wissenschaftliches Arbeiten: Wissenschaft, Quellen, Artefakte, Organisation, Pr{\"a}sentation},
	address = {Herdecke [u.a.]},
	publisher = {W3L-Verl.},
	isbn = {978-3937137599},
	series = {Soft skills}
}

@online{website:angular:aboutAngular,
	title = "AngularJS - Was ist Angular?",
	author = "Sascha Brink",
	year = "2014",
	url = "https://angularjs.de/buch/was-ist-angularjs",
	note = "05.04.2015, 19:25"
}

@techreport{Cisco.GlobalTraffic,
	author="{{Cisco Systems}}",
	title="Cisco Visual Networking Index: Global Mobile Data Traffic 2017",
	institution="{{Cisco Systems}}",
	year="2017",
	note="http://www.cisco.com/c/en/us/solutions/collateral/service-provider/visual-networking-index-vni/mobile-white-paper-c11-520862.pdf",
	number="",
	address="",
	type="",
	month="02",
}

@techreport{InternetLiveStats,
	author="{{Internet Live Stats}} and Netcraft",
	title="Total number of Websites",
	institution="{{Internet Live Stats}} and Netcraft",
	year="2018",
	note="",
	number="",
	address="",
	type="",
	month="",
}


 @book{Krug.2018,
	 author="Krug, Steve",
	 title="{{Don't make me think!: Web \& Mobile Usability: Das intuitive Web}}",
	 publisher="{MITP-Verlags GmbH \& Co. KG}",
	 year="2018",
	 volume="",
	 series="",
	 address="",
	 edition="",
	 month="01",
	 note="",
	 isbn="",
 }
 
 @online{Pinterest.Increased,
	 title="Driving user growth with performance improvements",
	 author="{{Pinterest Engineering}}",
	 year="2017",
	 url="https://medium.com/@Pinterest_Engineering/driving-user-growth-with-performance-improvements-cfc50dafadd7",
	 note="25.01.2019, 12:22",
 }
 
 @techreport{Mobify.2016,
	 author="Mobify",
	 title="2016 Q2 Mobile
Insights Report",
	 institution="",
	 year="2016",
	 note="",
	 number="",
	 address="",
	 type="",
	 month="",
 }
 
 
 @book{Loeffler.2014,
	 author="L{\"o}ffler, Miriam",
	 title="Think Content!",
	 publisher="Galileo Computing",
	 year="2014",
	 volume="",
	 series="",
	 address="",
	 edition="",
	 month="",
	 note="",
	 isbn="978-3-8362-2006-4",
 }
 
 
 
 


